@article{Nawaz198391,
author={Nawaz, M. and Enscore Jr., E.E. and Ham, I.},
title={A heuristic algorithm for the m-machine, n-job flow-shop sequencing problem},
journal={Omega},
year={1983},
volume={11},
number={1},
pages={91-95},
note={cited By 1333},
document_type={Article},
}

@book{Smut2012,
author ="Smutnicki, Czesław",
title ="{Algorytmy szeregowania zadań}",
publisher ="Politechnika Wrocławska",
year = 2012
}

@BOOK{TSPWiki:1,
title ="{Problem komiwojażera}",
publisher ="pl.wikipedia.org"
}
